<?xml version="1.0" encoding="UTF-8"?><record xmlns="http://www.loc.gov/MARC21/slim" xmlns:cinclude="http://apache.org/cocoon/include/1.0" xmlns:zs="http://www.loc.gov/zing/srw/">
  <leader>01298cz  a2200181n  4500</leader>
  <controlfield tag="001">n  92009105 </controlfield>
  <controlfield tag="003">DLC</controlfield>
  <controlfield tag="005">19930722143841.4</controlfield>
  <controlfield tag="008">920128n| acannaab|          |a ana |||  </controlfield>
  <datafield tag="010" ind1=" " ind2=" ">
    <subfield code="a">n  92009105 </subfield>
    <subfield code="z">n  92064046 </subfield>
  </datafield>
  <datafield tag="040" ind1=" " ind2=" ">
    <subfield code="a">DLC</subfield>
    <subfield code="c">DLC</subfield>
    <subfield code="d">DLC</subfield>
  </datafield>
  <datafield tag="110" ind1="1" ind2="0">
    <subfield code="a">Massachusetts.</subfield>
    <subfield code="b">Governor's Special Commission on Consolidation of Health and Human Services Institutional Facilities</subfield>
  </datafield>
  <datafield tag="410" ind1="1" ind2="0">
    <subfield code="a">Massachusetts.</subfield>
    <subfield code="b">Governor's Special Commission on Facility Consolidation</subfield>
  </datafield>
  <datafield tag="410" ind1="1" ind2="0">
    <subfield code="a">Massachusetts.</subfield>
    <subfield code="b">Commission on Consolidation of Health and Human Services Institutional Facilities, Governor's Special</subfield>
  </datafield>
  <datafield tag="410" ind1="1" ind2="0">
    <subfield code="a">Massachusetts.</subfield>
    <subfield code="b">Consolidation of Health and Human Services Institutional Facilities, Governor's Special Commission on</subfield>
  </datafield>
  <datafield tag="410" ind1="2" ind2="0">
    <subfield code="a">Governor's Special Commission on Consolidation of Health and Human Services Institutional Facilities (Mass.)</subfield>
  </datafield>
  <datafield tag="670" ind1=" " ind2=" ">
    <subfield code="a">Its Actions for quality care, 1991:</subfield>
    <subfield code="b">t.p. (Governor's Special Commission on Consolidation of Health and Human Services Institutional Facilities) letter of transmittal (Commonwealth of Massachusetts, Governor's Special Commission on Facility Consolidation; est. by Executive Order #301)</subfield>
  </datafield>
  <datafield tag="670" ind1=" " ind2=" ">
    <subfield code="a">Its Governor's Special Commission on Facility Consolidation, 1992:</subfield>
    <subfield code="b">v. 1, p. 1 (Special Commission on Facility Consolidation; loc., Boston, MA)</subfield>
  </datafield>
</record>